% This file was created with JabRef 2.9.2.
% Encoding: Cp1252

@ARTICLE{tavi2013,
  author = {J.G. Diez},
  title = {Transcatheter aortic valve implantation (TAVI): the hype and the hope},
  journal = {Texas Heart Institute journal},
  year = {2013},
  volume = {40},
  number = {3},
  pages = {298-301}
}

@MISC{tavivideo,
  author = {Maimonides Medical Center},
  title = {Transcatheter Aortic Valve Replacement (TAVR) Program},
  howpublished = {video on a webpage},
  month = {},
  year = {},
  note = {https://www.maimonidesmed.org/heart-vascular-institute/centers/structural-heart-center/tavr}
}

@MISC{tavi2019,
  author = {Mahmaljy H, Young M},
  title = {Transcatheter Aortic Valve Replacement (TAVR/TAVI, Percutaneous Replacement)},
  howpublished = {StatPearls [Internet]},
  month = {Jan},
  year = {2019},
  note = {Available from: https://www.ncbi.nlm.nih.gov/books/NBK431075/}
}

@ARTICLE{taviprojection,
  author = {Andras P Durko and Ruben L Osnabrugge and Nicolas M Van Mieghem and Milan Milojevic and Darren Mylotte and Vuyisile T Nkomo and A Pieter Kappetein},
  title = {Annual number of candidates for transcatheter aortic valve implantation per country: current estimates and future projections},
  journal = {European Heart Journal},
  year = {2018},
  volume = {39},
  number = {28},
  pages = {2635-2642}
}

@ARTICLE{taviradiation,
  author = {Alejandro Aquino and Ali J. Khiabani and Matthew C. Henn and Alan Zajarias and Spencer J. Melby and Marc Sintek and John Lasala and Puja Kachroo and Eric Novak and Hersh S. Maniar},
  title = {Radiation Exposure During Transcatheter Valve Replacement: What Cardiac Surgeons Need to Know},
  journal = {The Annals of Thoracic Surgery},
  year = {2019}
}

@ARTICLE{tavibrain,
  author = {Ariel  Roguin and Jacob  Goldstein and Olivier  Bar},
  title = {Brain tumours among interventional cardiologists: a cause for alarm?},
  journal = {EuroIntervention},
  year = {2012},
  volume = {7},
  number = {9},
  pages = {1081-1086}
}

@ARTICLE{tavilens,
  author = {Eliseo Vano and Norman J. Kleiman and Ariel Duran and Mariana Romano-Miller and Madan M. Rehani},
  title = {Radiation-associated Lens Opacities in Catheterization Personnel: Results of a Survey and Direct Assessments},
  journal = {Journal of Vascular and Interventional Radiology},
  year = {2013},
  volume = {24},
  number = {2},
  pages = {197-204}
}

@ARTICLE{tavihazards,
  author = {Dehmer, Gregory J. and Members of the Joint Inter-Society Task Force on Occupational Hazards in the Catheterization Laboratory},
  title = {Occupational hazards for interventional cardiologists},
  journal = {Catheterization and Cardiovascular Interventions},
  volume = {68},
  number = {6},
  pages = {974-976},
  year = {2006}
}

@ARTICLE{tavimissed,
  author = {Goldstein, James A. and Balter, Stephen and Cowley, Michael and Hodgson, John and Klein, Lloyd W.},
  title = {Occupational hazards of interventional cardiologists: Prevalence of orthopedic health problems in contemporary practice},
  journal = {Catheterization and Cardiovascular Interventions},
  year = {2004},
  volume = {63},
  number = {4},
  pages = {407-411}
}

@MISC{tavivest,
  author = {EIZO},
  title = {Revolution Full Overlap Lumbar Vest \& Skirt - 703},
  howpublished = {webpage},
  month = {},
  year = {},
  note = {https://www.infabcorp.com/product/revolution-full-overlap-lumbar-vest-skirt-703/}
}

@MISC{taviroom,
  author = {Infab},
  title = {Shimane Prefectural Central Hospital},
  howpublished = {webpage},
  month = {},
  year = {},
  note = {https://www.eizoglobal.com/solutions/casestudies/spch/index.html}
}

@ARTICLE{pci,
  author = {Nathaniel R. Smilowit and  Jeffrey W. Moses and  Fernando A. Sosa and  Benjamin Lerman and Yasir Qureshi and  Kate E. Dalton and  Lauren T. Privitera and  Diane Canone-Weber and Varinder Singh and  Martin B. Leon and  Giora Weisz},
  title = {Robotic-Enhanced PCI Compared to the Traditional Manual Approach},
  journal = {J Invasive Cardiol.},
  year = {2014},
  volume = {6},
  number = {7},
  pages = {318-321}
}

@ARTICLE{pcisafety,
  author = {Giora Weisz and D. Christopher Metzger and Ronald P. Caputo and Juan A. Delgado and J. Jeffrey Marshall and George W. Vetrovec and Mark Reisman and Ron Waksman and Juan F. Granada and Victor Novack and Jeffrey W. Moses and Joseph P. Carrozza},
  title = {Safety and Feasibility of Robotic Percutaneous Coronary Intervention: PRECISE (Percutaneous Robotically-Enhanced Coronary Intervention) Study},
  journal = {Journal of the American College of Cardiology},
  year = {2013},
  volume = {61},
  number = {15},
  pages = {1596-1600}
}


@ARTICLE{amigo,
  author = {Zohaib A. Shaikh and Michael F. Eilenberg and Todd J. Cohen},
  title = {The Amigo Remote Catheter System: From Concept to Bedside},
  journal = {The Journal of Innovations in Cardiac Rhythm Management},
  year = {2017},
  pages = {2795-2802}
}


@MISC{stereoaxis,
  author = {Stereotaxis},
  title = {Stereotaxis Products},
  howpublished = {webpage},
  note = {http://www.stereotaxis.com/products/\#!/niobe}
}


@MISC{monarch,
  author = {Auris Health},
  title = {Transforming Medical Intervention},
  howpublished = {webpage},
  note = { https://www.aurishealth.com/monarch-platform}
}


@MISC{corepath,
  author = {Corindus Vascular Robotics},
  title = {Corindus Vascular Robotics},
  howpublished = {webpage},
  note = {https://www.corindus.com/}
}

@ARTICLE{raptech,
  author = {Harrison, {J. Kevin} and Davidson, {Charles J.} and Phillips, {Harry R.} and Harding, {Michael B.} and Kisslo, {Katherine B.} and Bashore, {Thomas M.}},
  title = {A rapid, effective technique for retrograde crossing of valvular aortic stenosis using standard coronary catheters},
  journal = {Catheterization and Cardiovascular Interventions},
  year = {1990},
  volume = {21},
  number = {1},
  pages = {51-54}
}

@ARTICLE{anatomic,
  author = {Albert M. Kasel and Anupama Shivaraju and Wolfgang von Scheidt and Adnan Kastrati and Christian Thilo},
  title = {Anatomic Guided Crossing of a Stenotic Aortic Valve Under Fluoroscopy: Right Cusp Rule, Part III},
  journal = {JACC: Cardiovascular Interventions},
  year = {2015},
  volume = {8},
  number = {1},
  pages = {119-120}
}

@ARTICLE{dsj,
  author = {Mazomenos, E.B. and Chang, PL. and Rippel, R.A. et al},
  title = {Catheter manipulation analysis for objective performance and technical skills assessment in transcatheter aortic valve implantation.},
  journal = {International Journal of Computer Assisted Radiology and Surgery},
  year = {2016},
  volume = {11},
  number = {6},
  pages = {1121-1131}
}

@ARTICLE{dsj2,
  author = {Jae-Man Kwak and Erica Kholinne and Maulik Gandhi and Arnold Adikrishna and Hanpyo Hong and Yucheng Sun and Kyoung-Hwan Koh and In-Ho Jeon},
  title = {Improvement of arthroscopic surgical performance using a new wide-angle arthroscope in the surgical training},
  journal = {PLoS ONE},
  year = {2019},
  volume = {14},
  number = {3}
}

@ARTICLE{pvl,
  author = {Tarantini G and Gasparetto V and Napodano M and Fraccaro C and Gerosa G and Isabella G},
  title = {Valvular leak after transcatheter aortic valve implantation: a clinician update on epidemiology, pathophysiology and clinical implications},
  journal = {Am J Cardiovasc Dis},
  year = {2011},
  volume = {1},
  number = {3},
  pages = {312-320}
}

@ARTICLE{pvl2,
  author = {Wilczek K and Bujak K and Regula R and Chodor Pand Osadnik T},
  title = {Risk factors for paravalvular leak after transcatheter aortic valve implantation},
  journal = {Kardiochir Torakochirurgia Pol},
  year = {2015},
  volume = {12},
  number = {2},
  pages = {89-94}
}

@ARTICLE{vasinj,
  author = {Alsara O and Alsarah A and Laird-Fick H},
  title = {Advanced age and the clinical outcomes of transcatheter aortic valve implantation},
  journal = {J Geriatr Cardiol},
  year = {2014},
  volume = {11},
  number = {2},
  pages = {163-170}
}